@articl{Leaver,
    title={Solutions to a generalized spheroidal wave equation: Teukolsky¿s equations in general relativity, and the two-center problem in molecular quantum mechanics},
    author={Leaver, Edward, W},
    journal={Journal of Mathematical Physics},
    year=1986,
    volume=27,
    howpublished={\url{ihttps://doi.org/10.1063/1.527130}}}

@book{Zhang,
    title={Theory and application of quantum molecular dynamics},
    author={Zhang, John, Z. H},
    publisher={World Scientific},
    year=1999}

@book{GQuantum,
  title={Quantum Physics},
  author={Gasiorowicz, S},
  publisher={Wiley},
  year=1974} 

@book{2dfilm,
	title={Phase Transitions in Surface Films},
	author={J.G.Dash},
	publisher={Springer},
	year=1980,
	howpublished={\url{http://www.amazon.com/Phase-Transitions-Surface-Science-Series/dp/1461330599}}}

@book{Slater,
    title={Quantum Theory of Molecules and Solids},
    author={Slater, John, C},
    publisher={McGraw-Hill},
    year={1963} }

@book{Stratton,
    title={Elliptic, cylinder and spheroidal wave functions},
    author={Stratton, J. A.and Morse, P. M. and Chu, L. J. and  Hutner, R. A.},
    publisher={John Wiley and Sons},
    year={1941} }
	
@book{MorseFeshbach,
	title={Methods of Theoretical Physics},
	author={Morse, P.M. and Feshbach, H},
	publisher={McGraw-Hill},
	year={1953}}

@article{elcapture2D,
  title={Electron capture by an electric dipole in two dimensions},
  author={Glasser, M. L. and Nieto L. M.},
  journal={Physical Review A},
  volume=75,
  year=2007}

@book{Dirac1,
  title={Principles of Quantum Mechanics},
  author={Dirac, P.A.M,},
  publisher={Oxford University Press},
  year=1958}

@article{Kolos,
    title={Nonadiabatic Theory for Diatomic Molecules and Its Application to the Hydrogen Molecule},
    author={Kolos W. and  Wolniewicz W},
    journal={Reviews of Modern Physics},
    volume=35,
    year=1963,
    month={July},
    pages = {473--483},
    issue=3,
    doi={http://dx.doi.org/10.1103/RevModPhys.35.473},
    howpublished={\url{http://journals.aps.org.ezproxy.library.unlv.edu/rmp/pdf/10.1103/RevModPhys.35.473}}}
    
@article{GraphLayers,
		title={From graphene to graphite: Electronic structure around the K point},
		author={Partoens, B. and Peeters, F.M.},
		journal={Phys. Rev. B},
		year=2005,
		volume=72}

@article{Mermin,
	title={Crystalline order in two dimensions},
	author={Mermin, N. D.},
	journal={Phys. Rev.},
	volume=176,
	year=1968,
	pages={282-286}}

@article{2DLED,
    title={Electrically tunable excitonic light-emitting diodes based on monolayer WSe2 p-n junctions},
    author={Jason S. Ross and Philip Klement and Aaron M. Jones and Nirmal J. Ghimire and Jiaqiang Yan and D. G. Mandrus and Takashi Taniguchi and    Kenji Watanabe and Kenji Kitamura and Wang Yao and David H. Cobden and Xiaodong Xu},
    journal={Nature Nanotechnology},
    volume=9,
    year=2014,
    pages={268--272},
    howpublished={\url{http://www.nature.com/nnano/journal/v9/n4/full/nnano.2014.26.html}}}

@misc{2DPhos,
    title={Black Phosphorus},
    author={HQ Graphene},
    howpublished={\url{http://www.hqgraphene.com/Black-Phosphorus.php}}}

@misc{2DPhos2,
    title={Few-layer black phosphorus: emerging direct band gap semiconductor with high carrier mobility},
    author={Jingsi Qiao and Xianghua Kong and Zhi-Xin Hu and Feng Yang and Wei Ji},
    howpublished={\url{https://arxiv.org/vc/arxiv/papers/1401/1401.5045v1.pdf}}}

@misc{2DPhos3,
    title={Highly stable black phosphorus field-effect transistors with low density of oxide traps},
    author={Yu. Yu. Illarionov and M. Walt and G. Rzepa and T. Knobloch and J.S. Kim and D. Akinwande and T. Grasser},
    howpublished={\url{https://www.nature.com/articles/s41699-017-0025-3}}}

@misc{2DSuper,
    title={Superconductivity in 2D Materials},
    author={Wu Judy and Weitering Hanno}, 
    howpublished={\url{https://iopscience.iop.org/journal/0953-2048/page/Focus-on-Superconductivity-in-the-2D-Limit}}}

@misc{Many2DMaterials,
    title={Two-Dimensional Materials},
    author={Science Direct},
    howpublished={\url{https://www.sciencedirect.com/topics/materials-science/two-dimensional-materials}}}

@article{Dirac2,
  title={The Quantum Theory of the Electron},
  author={Dirac, P.A.M,},
  journal={Proceedings of the Royal Society A: Mathematical, Physical and Engineering Sciences},
  year=1928,
  volume=117,
  howpublished={\url{https://dx.doi.org/10.1098%2Frspa.1928.0023}}} 
  
@article{Trion,
  title={Trion ground state, excited states, and absorption spectrum using electron-exciton basis},
  author={Shiue-Yuan Shiau and Monique Combescot and Yia-Chung Chang},
  journal={Physical Review B},
  volume=86,
  year=2012}

@article{Excitons2D1,
    title={Excitons in two dimensions: the excitation spectrum and phase transition to superfluidity},
    author={Z.G. Koinov},
    journal={Physics Letters A},
    year={2000},
    volume={265},
    pages={297-303}}

@article{anyonsR,
    title={Anyons and the quantum Hall effect - A pedagogical review},
    author={Ady Stern},
    journal={Annals of Physics},
    volume=323,
    issue=1,
    year=2008,
    howpublished={\url{http://www.sciencedirect.com/science/article/pii/S0003491607001674}}}

@phdthesis{Excitons2D2,
    title={Excitons in Semiconductor Quantum Wells Studied Using Two-Dimensional Coherent Spectroscopy},
    author={Singh, R},
    school={University of Colorado},
    year={2015},
    address={Boulder, CO},
    howpublished={\url{https://jila.colorado.edu/publications/46707/excitons-semiconductor-quantum-wells}}}

@phdthesis{ExperimentalBates2,
    title={The hydrogen molecule-ion as a superposition of atomic orbitals},
    author={Allen Lowell Wasserman},
    school={Iowa State University},
    year={1963},
    howpublished={\url{https://lib.dr.iastate.edu/cgi/viewcontent.cgi?article=3568&context=rtd}}}

@phdthesis{Greg,
    title={A Gauge Theoretic Treatment of Rovibrational Motion in Diatoms},
    author={Gregory Colarch},
    school={University of Nevada, Las Vegas},
    year=2012,
    address={Las Vegas, NV}}

@article{atlas2d,
    title={An atlas of two-dimensional materials},
    author={Pere Mirõ and Martha Audiffreda and Thomas Heine},
    journal={Chemical Society Reviews},
    volume=43,
    issue=18,
    year=2014 }

@misc{Excitons2D3,
    title={Room-temperature electrical control of exciton flux in a van der Waals heterostructure}
    author={Unuchek D and Ciarrocchi A. and Avsar A. and et al.},
    year={2018},
    howpublished={\url{https://doi.org/10.1038/s41586-018-0357-y}}}

@article{Excitons2D4,
    title={Two-dimensional excitons in three-dimensional hexagonal boron nitride },
    author={X. K. Cao and B. Clubine and J. H. Edgar and J. Y. Lin and and H. X. Jiang },
    journal={Appl. Phys. Lett},
    year={2013},
    volume={103},
    howpublished={\url{http://www2.ece.ttu.edu/Nanophotonics/papers%5CAPL%20papers%5C2013_Two-dimensional%20excitons%20in%20three-dimensional%20hexagonal%20boron%20nitride.pdf}}}

@article{Excitons1,
    title={Excitons}, 
    author={Liang, W Y},
    journal={Physics Education},
    volume=5,
    year=1970,
    pages={226-228},
    howpublished={\url{http://iopscience.iop.org/article/10.1088/0031-9120/5/4/003/pdf}}}

@article{Excitons2,
    title={The Structure of Electronic Excitation Levels in Insulating Crystals},
    author={Wannier, Gregory},
    year={1937},
    journal={Physical Review},
    volume={52},
    howpublished={\url{http://journals.aps.org/pr/abstract/10.1103/PhysRev.52.191}}}

@article{Excitons3,
    title={On the Transformation of light into Heat in Solids. I},
    author={Frenkel, J.},
    year={1931},
    journal={Physical Review},
    volume={37},
    howpublished={\url{http://journals.aps.org/pr/abstract/10.1103/PhysRev.37.17}}}

@misc{Walsh,
    title={A Physicist's Introduction to Topology: Connections to Bosons, Fermions, and Anyons},
    author={Daniel Walsh1 },
    howpublished={\url{http://physics.ucsd.edu/~mcgreevy/s13/final-papers/2013S-215C-Walsh-Daniel.pdf}}}

@article{AnyonsDetection1,
   title={Creation, Manipulation, and Detection of Abelian and Non-Abelian Anyons in Optical Lattices},
   author={M. Aguado and Gavin K. Brennen and Gavin K. Brennen},
   journal={Physical Review Letters },
   year=2008,
   number=26,
   volume=101}

@misc{AbelianAnyons,
    title={Universal Quantum Computation with Abelian Anyon Models},
    author={James R. Wootton and Jiannis K. Pachos},
    year=2009,
    howpublished={\url{http://arxiv.org/pdf/0904.4373v2.pdf}}}

@article{Pomerance,
    title={Analysis and Comparison of Some Integer Factoring Algorithms, in Computational Methods in Number Theory, Part I},
    author={Carl Pomerance},
    year=1982,
    journal={Math. Centre Tract},
    volume=154,
    pages={89-139},
    howpublished={\url{https://math.dartmouth.edu/~carlp/PDF/analysiscomparison.pdf}}}

@article{Anyons1,
	title={On the Theory of Identical Particles},
	author={Leinaas J. M and Myrheim J},
	school={Department of Physics, University of Oslo - Oslo},
	journal={Physical Review Letters},
	volume=49,
	pages={957-959},
	year=1976,
	howpublished={\url{http://www.ifi.unicamp.br/~cabrera/teaching/referencia.pdf}}}

@misc{FQHE,
    title={Discovery of a new Form of Quantum Fluid with Fractionally Charged Excitations},
    author={Robert B. Laughlin and Horst L. Stormer and Daniel C. Tsui},
    howpublished={\url{http://www.nobelprize.org/nobel_prizes/physics/laureates/1998/}}}

@misc{Anyons2,
	title={Quantum Mechanics of Fractional-Spin Particles},
	author={Frank Wilczek},
	school={Institute for Theoretical Physics, University of California, Santa Barbara, California 93106},
	year=1982,
	howpublished={\url{http://www.ifi.unicamp.br/~mtamash/f689_mecquant_i/prl49_957.pdf}}}

@article{Anyons3,
		title={Anyons in an exactly solved model and beyond},
		author={Alexei Kitaev},
		journal={Annals of Physics},
		year={2006},
		volume={321},
		pages={2-111},
		howpublished={\url{https://tqft.net/other-papers/quantum-computing/Kitaev%20-%20Anyons.pdf}}}
								
@article{AnyonsTqc,
			title={Non-Abelian Anyons and Topological Quantum Computation},
			author={Chetan Nayak and Steven H. Simon and Ady Stern and Michael Freedman and Sankar Das Sarma},
			journal={Rev. Mod. Phys},
			year={2008},
			volume={80},
			howpublished={\url{http://arxiv.org/abs/0707.1889}}}

@article{Tqc5,
    title={Topological quantum computation},
    author={Freedman, Michael and Kitaev, Alexei and Larsen and Michael J. and Wang, Zhenghan},
    journal={Bulletin of the American Mathematical Society },
    year=2003,
    volume=40,
    issue=1,
    howpublished={\url{https://dx.doi.org/10.1090%2Fs0273-0979-02-00964-3}}}

@misc{beyondGr,
    title={Two-dimensional nanotechnology materials beyond graphene},
    journal={Nanowerk},
    year=2013,
    howpublished={\url{http://www.nanowerk.com/spotlight/spotid=30002.php}}}

@article{Schor,
    title={Polynomial-Time Algorithms for Prime Factorization and Discrete Logarithms on a Quantum Computer},
    author={Shor, Peter W},
    journal={SIAM J. Sci. Statist. Comput},
    year={1997},
    volume={26},
    pages={1484-1509},
    howpublished={\url{http://arxiv.org/abs/quant-ph/9508027v2}}}

@article{FQC,
	title={Simulating Physics with Computers},
	author={Feynman, Richard},
	year={1982},
	journal ={International Journal of Theoretical Physics},
	volume={21 (6-7)}, 
	pages={467-488}}

@article{LandauG,
    title={Zur Theorie der phasenumwandlungen II},
    author={Landau, L. D.},
    year=1937,
    journal={Phys. Z. Sowjetunion},
    volume=11,
    pages={26--35}}

@book{LandauLif,
    title={Statistical Physics, Part I.},
    author={Landau, L. D. and Lifshitz, E. M.},
    year=1980,
    publisher={Pergamon Press}}

@article{Pierls,
    title={Quelques proprietes typiques des corpses solides},
    author={Peierls, R. E.},
    year=1935,
    journal={Ann. I. H. Poincare},
    volume=5,
    pages={177--222}}

@misc{PvsNP,
    title={The P versus NP Problem},
    author={Stephen Cook},
    school={Clay Mathematics Institute},
	howpublished={\url{https://www.claymath.org/sites/default/files/pvsnp.pdf}} }

@misc{NPComplete,
    title={Computers and Intractability: A Guide to the Theory of NP-Completeness},
    author={Garey M. R, Johnson D, S},
    year=1972}

@misc{QCvsNP,
    title={NP-Complete Problems and Physical Reality},
    author={Scott Aaronson},
    howpublished={\url{www.scottaaronson.com/papers/npcomplete.pdf}}}

@misc{QCProblems,
    title={Difficulties in the Implementation of Quantum Computers},
    author={Abhilash Ponnath},
    howpublished={\url{https://arxiv.org/pdf/cs/0602096.pdf}}}

@misc{RrBeC,
    title={Rapidly rotating Bose-Einstein condensates}, 
    author={Alexander Fetter},
    school={Stanford University},
    howpublished={\url{http://www.int.washington.edu/talks/WorkShops/int_05_2b/People/Fetter_A/A_Fetter.pdf}}}A

@misc{FrMag,
    title={Geometrically Frustrated Magnets},
    author={John Chalker},
    school={Physics Department, Oxford University},
    howpublished={\url{https://www-thphys.physics.ox.ac.uk/people/JohnChalker/research/weizmann09.pdf}}}

@misc{QuantumTuring,
    title={Strongly Universal Quantum Turing Machines and Invariance of Kolmogorov Complexity },
    author={Markus Muller},
	howpublished={\url{https://arxiv.org/pdf/quant-ph/0605030.pdf}} }
	
@misc{NLQC,
	title={Nonlinear quantum mechanics implies polynomial-time solution for NP-complete and P problems},
	author={Daniel S. Abrams and Seth Lloyd},
	school={Dept. of Physics, MIT, Dept. of Mechanical Engineering, MIT},
	howpublished={\url{http://arxiv.org/abs/quant-ph/9801041}} }
	
@article{MSQC,
	title={Microsoft Quantum Computing Research},
	howpublished={\urt{http://news.microsoft.com/stories/stationq/index.html}}}

@misc{GQC,
	title={Google's Quantum Computing Research},
	author={Google},
	howpublished={\url{https://plus.google.com/+QuantumAILab}}}
	
@misc{DWAVE,
	title={DWave},
	howpublished={\url{http://www.dwavesys.com}}}

@misc{Tqc1,
  title ={Topological Quantum Computation},
  author={Sandra Das Sarma and Michael Freedmana and Chetan Nayak},
  howpublished={\url{http://stationq.cnsi.ucsb.edu/~freedman/publications/96.pdf}} }

@article{Tqc2,
    title={Topologically-Protected Qubits from a Possible Non-Abelian Fractional Quantum Hall State},
    author={Sankar Das Sarma and Michael Freedman and Chetan Nayak},
    journal={Phys. Rev. Lett},
    year={2005},
    volume={94},
    howpublished={\url{http://arxiv.org/abs/cond-mat/0412343}}}

@article{Tqc3,
    title={Topological fault-tolerance in cluster state quantum computation},
    author={Robert Raussendorf and Jim Harrington and Kovid Goyal},
    journal={New Journal of Physics},
    year=2007,
    volume=9,
    howpublished={\url{http://arxiv.org/abs/quant-ph/0703143}}}

@article{Tqc4,
  title ={Introduction to Topological Quantum Computation},
  author={Jiannis K. Pachos},
  school={School of Physics and Astronomy,University of Leeds, Leeds LS2 9JT, UK},
  howpublished={\url{ http://quince.leeds.ac.uk/~phyjkp/index_files/JiannisPachosLecture.pdf}} }

@article{Graphene0,
   title={The Rise of Graphene},
   author={Geim A.K. and Novoselov K.S},
   journal={Nature Materials},
   year=2007,
  howpublished={\url{http://arxiv.org/ftp/cond-mat/papers/0702/0702595.pdf}}}

@article{Graphene3,
  title ={Electric Field Effect in Atomically Thin Carbon Films},
  author={K.S. Novoselov1 and A.K. Geim and S.V. Morozov2 and D. Jiang1 and Y. Zhang1 and  S.V. Dubonos2 and I.V.Grigorieva1 and  A.A. Firsov},
  howpublished={\url{http://arxiv.org/ftp/cond-mat/papers/0410/0410550.pdf}} }

@misc{GrapheneN,
  title ={Nobel Prize in Physics for Graphene},
  author={Geim Andre and Novoselov Konstantin},
  year=2010,
  howpublished={\url{ http://www.nobelprize.org/nobel_prizes/physics/laureates/2010/advanced-physicsprize2010.pdf}} }

@article{Graphene1,
  title ={Detecting Topological Currents in Graphene Superlattices},
  author={R. V. Gorbachev and J. C. W. Song and G. L. Yu and A. V. Kretinin and F. Withers and Y. Cao and A. Mishchenkoa and I. V. Grigorieva and K. S. Novoselov and L. S. Levitov and A. K. Geim},
  howpublished={\url{http://arxiv.org/abs/1409.0113}}}

@article{Graphene2,
  title ={Graphene-Based Non-Boolean Logic Circuits},
  author={Guanxiong Liu and Sonia Ahsan and Alexander G. Khitun and Roger K. Lake and Alexander A. Balandin},
  howpublished={\url{http://arxiv.org/abs/1308.2931}} }

@article{GrapheneOther,
  title={Beyond graphene}, 
  author={John Evans},
  year={2014},
  journal={Chemistry World},
  howpublished={\url{http://www.rsc.org/chemistryworld/2014/01/2d-materials-graphene}}}

@article{Bates1,
  title   ={Wave Function Of The Hydrogen Molecular Ion},
  author  ={D. R. Bates and Kathleen Ledsham and A. L. Stewart},
  journal ={Philosophical Transactions of the Royal Society of London. Series A, Mathematical and Physical Sciences},
  volume  =246,
  number  =911,
  year    =1953, 
  pages   ={215-240},
  howpublished={\url{http://www.jstor.org/stable/91504}}}

@article{Bates2,
  title   ={Exact Wave Function Of HeH2+},
  author  ={D. R. Bates and T.R. Carson},
  journal ={Proceedings of the Royal Society of London. Series A, Mathematical and Physical Sciences}, 
  volume  ={234}, 
  number  ={1197}, 
  year    ={1956}, 
  pages   ={207-217},
  howpublished={\url{http://www.jstor.org/stable/99814}} }

@misc{Mathieu1,
  title ={Mathieu's equation - Solution},
  howpublished={\url{https://www.ima.umn.edu/talks/workshops/7-22-8-2-2002/volkmer/slides/sfda1.pdf}} }

@misc{Mathieu2,
  title ={Mathieu's equation},
  author={NIST Digital Library of Mathematical Functions},
  howpublished={\url{http://dlmf.nist.gov/28}}}

@phdthesis{Mathieu3,
  title ={Formal analysis of the propagation of invariant optical fields in elliptic coordinates},
  author={Julio C. Gutierrez-Vega},
  school={INAOE, Mexico}, 
  year  ={2000},
  howpublished={\url{ http://homepages.mty.itesm.mx/jgutierr/}} }

@misc{Mathieu4,
  title={Theory and numerical analysis of the Mathieu functions},
  author={Julio C. Gutierrez-Vega},  
  year=2008,
  howpublished={\url{ http://optica.mty.itesm.mx/pmog/Papers/Mathieu.pdf}}}

@book{Laguerre1,
  title={ Handbook of Mathematical Functions with Formulas, Graphs, and Mathematical Tables},
  author={Abramowitz, Milton and Stegun, Irene A},
  year={1964},
  publisher={Dover Publications}}
  
@misc{H2atom,
  title={Analytic solution of a two-dimensional hydrogen atom. I. Non-relativistic theory},
  author={X. L. Yang and S. H. Guo and F. T. Chan},
  howpublished={\url{ http://journals.aps.org/pra/abstract/10.1103/PhysRevA.43.1186}} }

@misc{TwoCentersParticle,
  title={Particle in a field of two centers in prolate spheroidal coordinates: integrability and solvability},
  author={Willard Miller Jr. and Alexander V Turbiner},
  howpublished={\url{http://arxiv.org/abs/1402.3816}}}

@article{H2Plus2d1,
  title   ={Hydrogen molecular ion and molecule in two dimensions},
  author  ={S. H. Patil},
  journal ={Journal of Chemical Physics}, 
  volume  =118, 
  number  =5,
  year    =2003}

@article{H2Plus2d2,
  title   ={Hydrogen Molecular Ion in Two Dimensions},
  author  ={Jia-Lin Zhu and Jia-Jiong Xiong},
  journal ={Physical Review B}, 
  volume  =41, 
  number  =17, 
  year    =1990 }

@article{Zygelman1,
  title   ={Stimulated Radiative Association of He and H+},
  author  ={Zygelman B and Stancil P.C. and Dalgarno A},
  journal ={The Astrophysical Journal},
  pages   ={508--151},
  year    =1998 }

@article{ZL,
  title={Cold Ion-Atom Chemistry Driven by Spontaneous Radiative Relaxation: A Case Study for the Formation of the YbCa+ Molecular Ion},
  author={Zygelman and Lucic and Kotochigova and Hudson},
  journal={Journal of Physics B: Atomic, Molecular and Optical Physics}, 
  year=2013,
  volume=47, 
  number=1,
  howpublished={\url{http://iopscience.iop.org/article/10.1088/0953-4075/47/1/015301/meta}} }

@article{ZygelmanDalgarno1,
    title={Multichannel study of spin-exchange and hyperfine-induced frequency shift and line broadening in cold collisions of hydrogen atoms},
    author={Zygelman B. and  Dalgarno A. and  Jamieson M. J. and Stancil P. C. },
    journal={Phys. Rev. A},
    volume=67,
    issue=4,
    year=2003,
    month={April},
    howpublished={\url{http://link.aps.org/doi/10.1103/PhysRevA.67.042715}}}

@article{Zygelman88,
    title={Radiative quenching of He(2 S) induced by collisions with ground-state helium atoms},
    author={B.Zygelman and A. Dalgarno},
    journal={Phys. Rev. A},
    volume=38,
    issue=4,
    month={February},
    year=1988}

@article{Zygelman89,
    title={Radiative and nonradiative charge transfer in He++H collisions at low energy},
    author={B. Zygelman and A. Dalgarno and M. Kimura and N. F. Lane},
    journal={Physical Review A},
    volume=40,
    month={September},
    year=1989,
    issue=5}

@book{Jackson,
  title   ={Classical Electrodynamics},
  author  ={John David Jackson},
  year=1998,
  publisher={Wiley},
  ISBN    ={978-0471309321} }

@misc{Lapack1,
  title={Linear Algebra Package},
  author={LAPACK},
  howpublished={\url{http://www.netlib.org/lapack/}} }

@article{2DMatter1,
  title={Two-dimensional matter},
  author={J.G.Dash},
  journal={Endeavour},
  volume=6,
  number=1,
  year=1982,
  pages={15--22},
  howpublished={\url{http://www.sciencedirect.com/science/article/pii/0160932782900059}}}

@article{2DMatterCurvature,
    title={Two-Dimensional Matter: Order, Curvature and Defects},
    author={Mark Bowick and Luca Giomi},
    journal={Physics.Paper 139},
    year={2009},
    school={Syracuse University},
    howpublished={\url{Physics.Paper 139}}}

@misc{GeneralizedJaffe,
    title={Generalized Jaffe's Expression and Its Energy-Insensitive Modification},
    author={Byungduk Yoo and Jongmin Lee},
    school={Laboratory for Quantum Optics, Korean Atomic Energy Research Institute, Taejon 305-353},
    year=2000}

@article{BOApprox,
  title={Zur Quantentheorie der Molekeln" [On the Quantum Theory of Molecules]},
  author={M. Born and R. Oppenheimer},
  journal={Annalen der Physik 289(20)},
  year=1927,
  pages={457--484} }

@misc{BOApprox2,
    title={The Born-Oppenheimer Approximation},
    author={C. David Sherrill },
    school={School of Chemistry and Biochemistry, Georgia Institute of Technology},
    howpublished={\url{http://vergil.chemistry.gatech.edu/notes/bo/bo.html}}}

@book{Arfken,
    title={Mathematical Methods for Physicists},
    author={George B. Arfken and Hans J. Weber},
    year=2005,
    publisher={Elsevier}}

@article{DalgarnoCooper,
    title={Radiative charge transfer and radiative association of helium ions with neon atoms},
    author={D.L. Cooper and K. Kirby and A. Dalgarno},
    journal={Canadian Journal of Physics},
    year=1984,
    month=12,
    volume=62}

@article{CTCohen,
  title={Calculation of radiative single-charge-transfer cross sections for collisions of He + with He at low energy},
  author={J. S. Cohen and J. N. Bardsley},    
  journal={Physical Review A},
  volume=18,
  number=3,
  month=9,
  year=1978}

@misc{Delos,
  title={Theory of electronic transitions in slow atomic collisions},
  author={John Delos},
  school={College of William and Mary}}
  
@article{FCSE,
    title={Accurate Solutions of the Schrodinger and Dirac Equations of H2+, HD+ and HT+: With and without Born-Oppenheimer approximation and under magnetic field},
    author={Ishikawa A. and Nakashima H. and Nakatsuji N.},
    journal={Chemical Physics},
    volume=401,
    year=2012,
    pages={62-72}}

@misc{LengthGauge,
    title={The solution of the time-dependent Schrodinger equation by the (t, t') method: Multiphoton ionization/dissociation probabilities in different gauges of the electromagnetic potentials},
    author={Uri Peskina and Ofir E. Alon and Nimrod Moiseyev},
    school={Department of Chemistry, Technion-Israel Institute of Technology, Haifa 32000, Israel},
    year=1994,
    howpublished={\url{http://tx.technion.ac.il/~uri/pub/9.pdf}}}

@misc{LengthGauge2,
   title={Transformation Between the Velocity Gauge and the Length Gauge},
   author={ETH Zurich},
   howpublished={\url{https://www.ethz.ch/content/dam/ethz/special-interest/phys/quantum-electronics/ultrafast-laser-physics-dam/education/lectures/high-field_laser_physics/lecture_notes/100331_Transformation_VG_LG.pdf}}}

@misc{LengthGauge3,
   title={Limitations of Gauge Invariance},
   author={H. R. Reiss},
   howpublished={\url{https://www.researchgate.net/publication/235359877_Limitations_of_gauge_invariance}}}

@misc{DWBA,
    title={Scattering Theory: Born Series},
    author={Stefan Blugel},
    howpublished={\url{juser.fz-juelich.de/record/20885/files/A2_Bluegel.pdf}}}
    
@misc{BlackPhosphorus1,
  title={The rising star of 2D black phosphorus beyond graphene: synthesis, properties and electronic applications},
    author={Pengfei Chen and et all},
    howpublished={\url{https://iopscience.iop.org/article/10.1088/2053-1583/aa8d37}}}
  
@article{Nature2D,
  title={Synthesis and chemistry of elemental 2D materials},
  author={Andrew J. Mannix and Brian Kiraly and Mark C. Hersam and Nathan P. Guisinger},
  howpublished={\url{https://www.nature.com/articles/s41570-016-0014}},
  year={2017},
  month={January},
  journal={Nature Reviews Chemistry 1},
  doi={10.1038/s41570-016-0014}}

@misc{QIP,
  title={Quantum Information Processing},
  ISSN={1570-0755 (Print) 1573-1332 (Online)}, 
  author={various authors},
  howpublished={\url{https://link.springer.com/journal/11128}}}

@misc{2DEJour1,
  title={2D layered materials: From materials properties to device applications},
  journal={IEEE Explore},
  author={various authors},
  howpublished={\url{http://ieeexplore.ieee.org/document/7409780/?reload=true}}}

@misc{2DEJour2,
  title={2D materials and electronic devices},
  journal={Journal of Physics D: Applied Physics},
  author={various authors},
  howpublished={\url{http://iopscience.iop.org/journal/0022-3727/page/2D-materials-and-electronic-devices}}}

@article{Hohenberg,
  title={Existence of Long-Range Order in One and Two Dimensions},
  author={Hohenberg, P. C.},
  journal={Physical Review Letters},
  year={1967},
  month={June},
  volume={153},
  issue={2},
  doi={https://doi.org/10.1103/PhysRev.158.383},
  howpublished={\url{https://journals.aps.org/pr/abstract/10.1103/PhysRev.158.383}}}

@article{Mermin2,
  title={Absence of Ferromagnetism or Antiferromagnetism in One- or Two-Dimensional Isotropic Heisenberg Models},
  author={Mermin N.D.  and Wagner H.},
  journal={Phys. Rev. Lett},
  year={1966},
  month={November},
  volume={17},
  issue={22},
  doi={https://doi.org/10.1103/PhysRevLett.17.1133},
  howpublished={\url{https://journals.aps.org/prl/abstract/10.1103/PhysRevLett.17.1133}}}

@article{GrapheneRiples,
  title={Intrinsic ripples in graphene},
  author={Fasolino A. and Los J. H. and Katsnelson  M. I.},
  journal={Nature Materials},
  year={2007},
  volume={6},
  pages={858--861},
  doi={10.1038/nmat2011},
  howpublished={\url{https://arxiv.org/abs/0704.1793}}}

@article{GrapheneDirac,
  title={Two-dimensional gas of massless Dirac fermions in graphene},
  author={Novoselov K. S. and Geim A. K. and Morozov S. V. and Jiang D. and Katsnelson M. I. and Grigorieva I. V. and Dubonos S. V. and Firsov A. A.},
  journal={Nature},
  year={2005},
  volume={438},
  pages={197--200},
  doi={10.1038/nature04233},
  howpublished={\url{https://www.nature.com/nature/journal/v438/n7065/abs/nature04233.html}}}

@misc{EffMassGraph,
  title={The effective mass in graphene},
  author={Hofmann Phillip},
  howpublished={\url{http://www.philiphofmann.net/book_material/notes/graphene_mass2.pdf}}}

@articler{EffMassEG,
  title={Electron Effective Mass in Graphene},
  author={Ariel V. and Natan A.},
  year={2012},
  howpublished={\url{arXiv:1206.6100}}}

@article{ExperimentalBates1,
  title={Spectroscopy of the hydrogen molecular ion},
  author={Carringtoni Alan, McNab, Iain R and Christine A Montgomerie},
  journal={J . Phys. B: At. Mol. Opt. Phys},
  year={1989},
  volume={22},
  pages={3551--3586},
  howpublished={\url{http://www.giovannibachelet.it/SDM-15-16/17/dissoc_H2.pdf}}}

@misc{QRDecomposition1,
  title={Algorithms for the QR-Decomposition},
  author={Walter Gander},
  school={ETH, Zurich},
  howpublished={\url{https://www.inf.ethz.ch/personal/gander/papers/qrneu.pdf}}}
  
@article{LinearAlgebra1,
  title={Fast Linear Algebra is Stable},
  author={Demmel J and Dumitriu I and Holtz O},
  journal={Numer. Math},
  volume={108},
  year={2007},
  howpublished={\url{https://arxiv.org/abs/math/0612264}}}

@article{RadQuench1,
    title={Radiative Quenching and Excitation of Metastable States upon Differential Scattering of Atoms I. Uniform Quasi-Classical Theory},
    author={A. Z. Devdariani and E. A. Chesnokov},
    journal={Optics and Spectroscopy},
    year={2005},
    month={December},
    volume={99},
    issue={6},
    pages={858-865}}
  
@article{RadQuench2,
    title={Radiative Quenching and Excitation of Metastable States upon Differential Scattering of Atoms II. The He(1S12S1)Ne Molecule},
    author={A. Z. Devdariani and E. A. Chesnokov},
    journal={Optics and Spectroscopy},
    year={2005},
    month={December},
    volume={99},
    issue={6},
    pages={866-872}}

@article{MathWolf,
    title={Extend FindRoot in Wolfram Mathematica to find all roots},
    author={Fernandes T},
    howpublished={\url{https://community.wolfram.com/groups/-/m/t/1132423}}}

@article{ETF1,
    title={Theory of Slow Atomic Collisions. I. H2},
    author={Thorson, Walter R},
    journal={The Journal of Chemical Physics},
    volume={42}, 
    year={1965},
    pages={3878}}

@article{ETF2,
    title={Molecular-State Study of He2+ - H(1s) and H+ - He+(1s) collisions},
    author={M. Kimura and W. R. Thorson},
    journal={Phys. Rev. A},
    volume={24},
    year={1981},
    pages={3019}}

@article{ETF3,
    title={Theory of near-adiabatic collisions.I. Electron translation factor method},
    author={W.R.Thorson and J.B.Delos},
    journal={Phys.Rev.A},
    volume={18},
    year={1978},
    pages={135}}

@article{Radiative3,
    title={Radiative charge transfer and radiative association in He + + Ne collisions},
    author={X. J. Liu and  Y. Z. Qu and B. J. Xiao and C. H. Liu and Y. Zhou and J. G. Wang and R. J. Buenker},
    journal={Phys.Rev.A},
    volume={81},
    year={2010},
    doi={10.1103/PhysRevA.81.022717}}

@article{2DHAtom,
    title={The two-dimensional hydrogen atom revisited},
    author={D.G.W. Parfitt and M.E. Portnoi},
    journal={Journal of Mathematical Physics},
    volume={43},
    year={2002},
    doi={https://doi.org/10.1063/1.1503868}}

@book{Bowman,
    title={Introduction to Bessel Functions},
    author={Bowman, Frank},
    year={1958},
    publisher={Dover}}

@misc{ScatterIntro,
    title={A practical introduction to quantum scattering theory, and beyond},
    author={Johnson, Calvin, W},
    year={2017},
    school={San Diego State University},
    howpublished={\url{"http://sci.sdsu.edu/~johnson/research/scatteringprimer.pdf"}}}

@misc{2DScatterLessons,
    title={Scattering Theory},
    author={Chong, Y. D},
    school={Nanyang Technological University, Singapore},
    howpublished={\url{"http://www1.spms.ntu.edu.sg/~ydchong/teaching/PH4401_00_scattering.pdf"}}}

@article{2DScatter2,
    author={Lapidus, R. I},
    title={Quantum mechanical scattering in two dimensions},
    journal={American Journal of Physics},
    year={1982},
    volume={50},
    howpublished={\url{"http://dx.doi.org/10.1119/1.13004"}}}
    
@article{FermiGR,
    author={Wacker, A},
    title={Fermis golden rule},
    school={Lund University},
    howpublished={\url{"http://www.matfys.lth.se/staff/andreas.wacker/Scripts/fermiGR.pdf"}}}
    
@article{qubits,
	author={F. Jazaeri and A. Beckers, A. Tajalli and J. Sallese}, 
	title{A Review on Quantum Computing: From Qubits to Front-end Electronics and Cryogenic MOSFET Physics},
	year={2019},
	doi={10.23919/MIXDES.2019.8787164}}

@article{qubits2,
   title={Trapped-ion quantum computing: Progress and challenges},
   volume={6},
   ISSN={1931-9401},
   url={http://dx.doi.org/10.1063/1.5088164},
   DOI={10.1063/1.5088164},
   number={2},
   journal={Applied Physics Reviews},
   publisher={AIP Publishing},
   author={Bruzewicz, Colin D. and Chiaverini, John and McConnell, Robert and Sage, Jeremy M.},
   year={2019},
   month={Jun},
   pages={021314}
}

@book{LocStates,
    title={Basic Theory of Surface States},
    author={Sidney G. Davison and Maria Steslicka},
    year={1992},
    publisher={Clarendon Press}
    ISBN    ={0-19-851990-7} }

@book{plasma,
  title={Radiative Processes in Discharge Plasmas},
  author={Joseph M. Proud and Lawrence H. Luessen},
  year={1986},
  publisher={Springer},
	howpublished={\url{https://link.springer.com/book/10.1007/978-1-4684-5305-8}}}

@article{BQP,
    title={Several natural BQP-Complete problems},
    author={P. Wocjan and S. Zhang},
    year={2006},
    howpublished={\url{"https://arxiv.org/abs/quant-ph/0606179"}}}
  
@article{Abrams_1998,
   title={Nonlinear Quantum Mechanics Implies Polynomial-Time Solution forNP-Complete and #PProblems},
   volume={81},
   ISSN={1079-7114},
   url={http://dx.doi.org/10.1103/PhysRevLett.81.3992},
   DOI={10.1103/physrevlett.81.3992},
   number={18},
   journal={Physical Review Letters},
   publisher={American Physical Society (APS)},
   author={Abrams, Daniel S. and Lloyd, Seth},
   year={1998},
   month={Nov}}

@article{Abrams_1999,
   title={Quantum Algorithm Providing Exponential Speed Increase for Finding Eigenvalues and Eigenvectors},
   volume={83},
   ISSN={1079-7114},
   url={http://dx.doi.org/10.1103/PhysRevLett.83.5162},
   DOI={10.1103/physrevlett.83.5162},
   number={24},
   journal={Physical Review Letters},
   publisher={American Physical Society (APS)},
   author={Abrams, Daniel S. and Lloyd, Seth},
   year={1999},
   month={Dec}}
